<?xml version="1.0" encoding="UTF-8"?><record xmlns="http://www.loc.gov/MARC21/slim" xmlns:cinclude="http://apache.org/cocoon/include/1.0" xmlns:zs="http://www.loc.gov/zing/srw/">
  <leader>00436nz  a2200145n  4500</leader>
  <controlfield tag="001">no2006034407</controlfield>
  <controlfield tag="003">DLC</controlfield>
  <controlfield tag="005">20060405051832.0</controlfield>
  <controlfield tag="008">060329n| acannaabn          |a aaa     c</controlfield>
  <datafield tag="010" ind1=" " ind2=" ">
    <subfield code="a">no2006034407</subfield>
  </datafield>
  <datafield tag="035" ind1=" " ind2=" ">
    <subfield code="a">(OCoLC)oca06901960</subfield>
  </datafield>
  <datafield tag="040" ind1=" " ind2=" ">
    <subfield code="a">NjP</subfield>
    <subfield code="b">eng</subfield>
    <subfield code="c">NjP</subfield>
  </datafield>
  <datafield tag="100" ind1="1" ind2=" ">
    <subfield code="a">Velásquez Alcántara, Héctor</subfield>
  </datafield>
  <datafield tag="400" ind1="1" ind2=" ">
    <subfield code="a">Alcántara, Héctor Velásquez</subfield>
  </datafield>
  <datafield tag="670" ind1=" " ind2=" ">
    <subfield code="a">Manejo ecológico de suelos, 1999:</subfield>
    <subfield code="b">t.p. (Héctor Velásquez Alcántara)</subfield>
  </datafield>
</record>